<?xml version="1.0" encoding="UTF-8"?><collection xmlns="http://www.loc.gov/MARC21/slim"><record><leader>00503nam--2200193-i-4500</leader><controlfield tag="001">000019283</controlfield><controlfield tag="002">20161230</controlfield><controlfield tag="005">20161230201033</controlfield><controlfield tag="008">060222s1000------------r-----000-0-eng-d</controlfield><datafield ind1=" " ind2=" " tag="040"><subfield code="a">IFIN-HH</subfield></datafield><datafield ind1=" " ind2=" " tag="080"><subfield code="a">53</subfield></datafield><datafield ind1="1" ind2=" " tag="100"><subfield code="a">Flowers, B.H</subfield></datafield><datafield ind1="1" ind2="0" tag="245"><subfield code="a">Properties of matter</subfield><subfield code="c">B.h. flowers, e. mendoza</subfield></datafield><datafield ind1=" " ind2=" " tag="260"><subfield code="a">London</subfield><subfield code="b">John Wiley &amp; Sons, Ltd</subfield><subfield code="c">1970</subfield></datafield><datafield ind1=" " ind2=" " tag="300"><subfield code="a">XIII + 318 P</subfield></datafield><datafield ind1=" " ind2=" " tag="490"><subfield code="a">The Manchester Physics Series</subfield></datafield><datafield ind1="1" ind2=" " tag="700"><subfield code="a">Mendoza, E</subfield></datafield><datafield ind1=" " ind2=" " tag="852"><subfield code="a">35550</subfield><subfield code="c">53</subfield></datafield><datafield ind1=" " ind2=" " tag="CAT"><subfield code="a">Sys</subfield><subfield code="c">20150310</subfield><subfield code="h">151138</subfield></datafield></record></collection>